<?xml version="1.0" encoding="UTF-8"?>
<collection xmlns:xsi="http://www.w3.org/2001/XMLSchema-instance" xsi:schemaLocation="http://www.loc.gov/MARC21/slim http://www.loc.gov/standards/marcxml/schema/MARC21slim.xsd" xmlns="http://www.loc.gov/MARC21/slim">
<record>
  <leader>01213cam a2200289Ia 4500</leader>
  <controlfield tag="001">5961379</controlfield>
  <controlfield tag="003">NNC</controlfield>
  <controlfield tag="005">20121019005600.0</controlfield>
  <controlfield tag="008">940301s1962    sy ac    b   f000 0daraod</controlfield>
  <datafield tag="035" ind1=" " ind2=" ">
    <subfield code="a">(OCoLC)ocm29889671</subfield>
  </datafield>
  <datafield tag="035" ind1=" " ind2=" ">
    <subfield code="a">(NNC)5961379</subfield>
  </datafield>
  <datafield tag="040" ind1=" " ind2=" ">
    <subfield code="a">OSU</subfield>
    <subfield code="c">OSU</subfield>
    <subfield code="d">OCL</subfield>
    <subfield code="d">OCLCQ</subfield>
    <subfield code="d">ZCU</subfield>
  </datafield>
  <datafield tag="043" ind1=" " ind2=" ">
    <subfield code="a">a-sy---</subfield>
  </datafield>
  <datafield tag="090" ind1=" " ind2=" ">
    <subfield code="a">ND989.8.M84</subfield>
    <subfield code="b">Q38 1962</subfield>
  </datafield>
  <datafield tag="100" ind1="1" ind2=" ">
    <subfield code="a">Qaṭāyah, Salmān.</subfield>
  </datafield>
  <datafield tag="245" ind1="1" ind2="0">
    <subfield code="a">Ḥayāt al-fannān Fatḥī Muḥammad, 1917-1958 /</subfield>
    <subfield code="c">Salmān Qaṭāyah.</subfield>
  </datafield>
  <datafield tag="250" ind1=" " ind2=" ">
    <subfield code="a">al-Ṭabʻah 1.</subfield>
  </datafield>
  <datafield tag="260" ind1=" " ind2=" ">
    <subfield code="a">Dimashq :</subfield>
    <subfield code="b">al-Fann al-Ḥadīth al-ʻĀlamī,</subfield>
    <subfield code="c">1962.</subfield>
  </datafield>
  <datafield tag="300" ind1=" " ind2=" ">
    <subfield code="a">92 p. :</subfield>
    <subfield code="b">ill., ports. ;</subfield>
    <subfield code="c">20 cm.</subfield>
  </datafield>
  <datafield tag="490" ind1="1" ind2=" ">
    <subfield code="a">Silsilah al-fannīyah ;</subfield>
    <subfield code="v">2</subfield>
  </datafield>
  <datafield tag="500" ind1=" " ind2=" ">
    <subfield code="a">At head of title: Wizārat al-Thaqāfah wa-al-Irshād al-Qawmī, Mudīrīyat al-Taʾlīf wa-al-Tarjamah.</subfield>
  </datafield>
  <datafield tag="504" ind1=" " ind2=" ">
    <subfield code="a">Includes bibliographical references.</subfield>
  </datafield>
  <datafield tag="600" ind1="1" ind2="0">
    <subfield code="a">Muḥammad, Fatḥī,</subfield>
    <subfield code="d">1917-1958.</subfield>
  </datafield>
  <datafield tag="650" ind1=" " ind2="0">
    <subfield code="a">Painters</subfield>
    <subfield code="z">Syria</subfield>
    <subfield code="v">Biography.</subfield>
  </datafield>
  <datafield tag="710" ind1="1" ind2=" ">
    <subfield code="a">Syria.</subfield>
    <subfield code="b">Wizārat al-Thaqāfah wa-al-Irshād al-Qawmī.</subfield>
    <subfield code="b">Mudīrīyat al-Taʼlīf wa-al-Tarjamah.</subfield>
  </datafield>
  <datafield tag="830" ind1=" " ind2="0">
    <subfield code="a">Silsilah al-fannīyah (Syria. Wizārat al-Thaqāfah wa-al-Irshād al-Qawmī. Mudīrīyat al-Taʼlīf wa-al-Tarjamah) ;</subfield>
    <subfield code="v">2.</subfield>
  </datafield>
  <datafield tag="955" ind1=" " ind2=" ">
    <subfield code="b">0026810530</subfield>
    <subfield code="d">glx</subfield>
    <subfield code="e">956.9 Sy18 v.2</subfield>
  </datafield>
</record>
</collection>